@inproceedings{DBLP:conf/itp/SozeauT14,
  author    = {Matthieu Sozeau and
               Nicolas Tabareau},
  title     = {Universe Polymorphism in Coq},
  booktitle = {Interactive Theorem Proving - 5th International Conference, {ITP}
               2014, Held as Part of the Vienna Summer of Logic, {VSL} 2014, Vienna,
               Austria, July 14-17, 2014. Proceedings},
  pages     = {499--514},
  year      = {2014},
  url       = {http://dx.doi.org/10.1007/978-3-319-08970-6_32},
  doi       = {10.1007/978-3-319-08970-6_32},
  timestamp = {Mon, 30 Jun 2014 12:30:02 +0200},
  biburl    = {http://dblp.uni-trier.de/rec/bib/conf/itp/SozeauT14},
  bibsource = {dblp computer science bibliography, http://dblp.org}
}